@inproceedings{lois2010characterization,
  title={Characterization of low energy Lu background on continuous LYSO blocks},
  author={Lois, Cristina and Aguiar, Pablo and Couce, Beatriz and Iglesias, Alfredo},
  booktitle={Nuclear Science Symposium Conference Record (NSS/MIC)},
  pages={1--3},
  year={2010},
  organization={IEEE}
}

@inproceedings{couce2008parametrization,
  title={Parametrization of SiPM dynamic range contribution to energy resolution of scintillation light readout},
  author={Couce, B and G{\'o}mez, F and Iglesias, A and Aguiar, P},
  booktitle={Nuclear Science Symposium Conference Record},
  pages={3973--3974},
  year={2008},
  organization={IEEE}
}

@inproceedings{aguiar2010monte,
  title={Monte Carlo optimization of SiPM readout configurations for continuous LYSO blocks},
  author={Aguiar, Pablo and Lois, Cristina and Couce, Beatriz and Iglesias, Alfredo},
  booktitle={Nuclear Science Symposium Conference Record (NSS/MIC)},
  pages={3638--3640},
  year={2010},
  organization={IEEE}
}

@article{kadrmas2009impact,
  title={Impact of time-of-flight on PET tumor detection},
  author={Kadrmas, Dan J and Casey, Michael E and Conti, Maurizio and Jakoby, Bjoern W and Lois, Cristina and Townsend, David W},
  journal={Journal of Nuclear Medicine},
  volume={50},
  number={8},
  pages={1315--1323},
  year={2009},
  publisher={Society of Nuclear Medicine}
}

@article{lois2010assessment,
  title={An assessment of the impact of incorporating time-of-flight information into clinical PET/CT imaging},
  author={Lois, Cristina and Jakoby, Bjoern W and Long, Misty J and Hubner, Karl F and Barker, David W and Casey, Michael E and Conti, Maurizio and Panin, Vladimir Y and Kadrmas, Dan J and Townsend, David W},
  journal={Journal of Nuclear Medicine},
  volume={51},
  number={2},
  pages={237--245},
  year={2010},
  publisher={Soc Nuclear Med}
}

@inproceedings{popota2009comparison,
  title={Comparison of NEMA NU 4-2008 vs NEMA NU 2-2001 for the performance evaluation of the microPET R4 system},
  author={Popota, FD and Aguiar, P and Fernandez, Y and Lois, C and Pareto, D and Ros, D and Pavia, J and Gispert, JD},
  booktitle={Nuclear Science Symposium Conference Record (NSS/MIC)},
  pages={2706--2709},
  year={2009},
  organization={IEEE}
}

@inproceedings{aguiar2008design,
  title={Design simulations of a LSO crystal block detector module for dual PET/SPECT systems},
  author={Aguiar, Pablo and Lois, Cristina and Gomez, Faustino and Iglesias, Alfredo},
  booktitle={Nuclear Science Symposium Conference Record, 2008. },
  pages={3829--3831},
  year={2008},
  organization={IEEE}
}

@inproceedings{lois2008physical,
  title={Physical and Clinical Evaluation of Standardized Uptake Values},
  author={Lois, Cristina and Jakoby, Bjoern W and Hubner, Karl and Ca{\~n}adas, Mario and Townsend, David W},
  booktitle={APS Meeting Abstracts},
  volume={1},
  pages={16004},
  year={2008}
}

@techreport{agari2004test,
  title={Test-beam measurements on prototype ladders for the LHCb TT station and Inner Tracker},
  author={Agari, M and Bernhard, R and Vollhardt, A and Schmelling, M and Voss, H and Steinkamp, O and Lehner, F and Needham, M and Schwingenheuer, B and Lois, C and others},
  year={2004},
  institution={CERN-LHCb-2003-082}
}

@techreport{gassner2003capacitance,
  title={Capacitance measurements on silicon micro-strip detectors for the TT station of the LHCb experiment},
  author={Gassner, J and Lois, C and Lehner, F and Heule, S},
  year={2003},
  institution={CERN-LHCb-2003-081}
}

@article{lois2006silicon,
  title={Silicon sensor probing and radiation studies for the LHCb silicon tracker},
  author={Lois, Cristina},
  journal={Nuclear Instruments and Methods in Physics Research Section A: Accelerators, Spectrometers, Detectors and Associated Equipment},
  volume={568},
  number={1},
  pages={277--283},
  year={2006},
  publisher={Elsevier}
}

@techreport{baumann2005quality,
  title={Quality Assurance of 100 CMS2-OB2 Sensors},
  author={Baumann, G and B{\"u}chler, A and Mattle, T and Lois, C and Boeni, D and Buchmann, L and Lehner, F and Chiapolini, N and Franz, N and N{\"u}esch, S and others},
  year={2005},
  institution={CERN-LHCb-2004-105}
}

@techreport{lehner2004measurements,
  title={Measurements on irradiated silicon sensor prototypes for the Inner Tracker of LHCb},
  author={Lehner, F and Lois, C and Voss, H},
  institution={CERN-LHCb-2004-104},
  year={2004}
}

@techreport{lois2004laboratory,
  title={Laboratory Measurements on Irradiated Prototype Ladders for the LHCb Inner Tracker},
  author={Lois, C and Bernhard, R and Needham, M and Vollhardt, A and Wenger, A},
 institution={CERN-LHCb-2004-112},
  year={2004}
}

@techreport{vollhardt2005production,
  title={Production of the LHCb silicon tracker readout electronics},
  author={Vollhardt, Achim and Volyanskyy, Dmytro and Schmelling, Michael and Fauland, Peter and Carron, Benjamin and Van Hunen, Jeroen and Voss, Helge and Vazquez, Pablo and Bay, Aurelio and K{\"o}stner, S and others},
  year={2005},
  institution={CERN-LHCb-2005-064}
}

@article{adeva2005lhcb,
  title={The LHCb silicon tracker},
  author={Adeva, B and Agari, M and Bauer, C and Baumeister, D and Bay, A and Bernhard, RP and Bernet, R and Blouw, J and Carron, B and Ermoline, Y and others},
  journal={Nuclear Instruments and Methods in Physics Research Section A: Accelerators, Spectrometers, Detectors and Associated Equipment},
  volume={546},
  number={1},
  pages={76--80},
  year={2005},
  publisher={Elsevier}
}

@techreport{agari2003studies,
  title={Studies of the Beetle 1.2 Pipeline Homogeneity},
  author={Agari, M and Vollhardt, A and Schmelling, M and Hofmann, W and Voss, H and Bernhard, RP and Steinkamp, O and Lehner, F and Needham, M and Schwingenheuer, B and others},
  year={2003},
  institution={CERN-LHCb-2003-155}
}

@techreport{bernhard2003measurements,
  title={Measurements of prototype ladders for the silicon tracker with a laser},
  author={Bernhard, R and Lois, C and Heule, S and Needham, M and Vollhardt, A and Volyanskyy, D},
  institution={CERN-LHCb-2004-102},
  year={2004}
}

@techreport{baumann2005pre,
  title={Pre-series sensor qualification for the inner tracker of LHCb},
  author={Baumann, G and B{\"u}chler, A and Mattle, T and Boeni, D and Buchmann, L and Lehner, F and Chiapolini, N and Lois, C and N{\"u}esch, S and Eisenring, E and others},
  institution={CERN-LHCb-2005-037},
  year={2005}
}

@techreport{bay2005hybrid,
  title={Hybrid design, procurement and testing for the LHCb Silicon Tracker},
  author={Bay, A and Steinkamp, O and Van Hunen, JJ and Smale, NJ and Needham, M and K{\"o}stner, S and Vervink, K and Tran, MT and Lois, C and Volyanskyy, D and others},
  year={2005},
  institution={CERN-LHCb-2005-065}
}

@techreport{volyanskyy2007production,
  title={Production and quality assurance of detector modules for the LHCb silicon tracker},
  author={Volyanskyy, Dmytro and P{\'e}rez-Trigo, E and Van Tilburg, J and Steinkamp, O and Yakovenko, V and Needham, M and Schneider, O and K{\"o}stner, S and Vervink, K and Nicolas, L and others},
  institution={CERN-LHCb-2007-131},
  year={2007}
}

@techreport{agari2005radiation,
  title={A radiation tolerant fiber-optic readout system for the LHCb Silicon Tracker},
  author={Agari, M and Carron, B and Steinkamp, O and Van Hunen, JJ and Needham, M and K{\"o}stner, S and Vervink, K and Bay, A and Lois, C and Volyanskyy, D and others},
   institution={CERN-LHCb-2005-032},
  year={2005}
}

@inproceedings{koestner2004silicon,
  title={The Silicon Tracker of the LHCb Experiment},
  author={Koestner, S and Adeva, B and Agari, M and Bauer, C and Baumeister, D and Bay, A and Bernhard, RP and Bernet, R and Blouw, J and Carron, B and others},
  booktitle={Nuclear Science Symposium Conference Record},
  volume={26},
  year={2004},
 organization={IEEE}
}

@techreport{agari2005measurements,
  title={Measurements of a prototype ladder for the TT station in a
      120\~{} GeV/c {$ \pi^{-}$} beam},
  author={Agari, M and Bauer, M and Blake, T and Blouw, J and Esperante-Pereira, D and Gassner, J and K{\"o}stner, S and Lois, C and Needham, M and Perrin, A and others},
  institution={CERN-LHCb-2004-103},
  year={2005}
}


@article{steinkamp2007design,
  title={Design and production of detector modules for the LHCb Silicon Tracker},
  author={Steinkamp, Olaf},
  journal={Nuclear Instruments and Methods in Physics Research Section A: Accelerators, Spectrometers, Detectors and Associated Equipment},
  volume={579},
  number={2},
  pages={736--741},
  year={2007},
  publisher={North-Holland}
}

@techreport{agari2005performance,
  title={Performance of long ladders for the LHCb Silicon Tracker},
  author={Agari, M and Carron, B and P{\'e}rez-Trigo, E and Steinkamp, O and Van Hunen, JJ and Smale, NJ and Needham, M and Schneider, O and K{\"o}stner, S and Vervink, K and others},
  year={2005},
  institution={CERN-LHCb-PROC-2005-041}
}

@techreport{agari2007radiation,
  title={Radiation monitoring system for the LHCb Inner Tracker},
  author={Agari, M and P{\'e}rez-Trigo, E and Steinkamp, O and Needham, M and K{\"o}stner, S and Hofmann, W and Vervink, K and Nicolas, L and Schneider, O and Bay, A and others},
  year={2007},
  institution={CERN-LHCb-2007-062}
}

@article{bay2005lhcb,
  title={The LHCb silicon tracker},
  author={Bay, A and Esperante, D and L{\"o}chner, S and Lois, C and Lehner, F and Bauer, C and Ermoline, Y and Jimenez-Otero, S and K{\"o}stner, S and Baumeister, D and others},
  journal={Nuclear instruments \& methods in physics research. Section A, Accelerators, spectrometers, detectors and associated equipment},
  volume={546},
  number={1},
  pages={76--80},
  year={2005},
  publisher={North-Holland}
}

@techreport{lehner2005mechanical,
  title={Mechanical and Thermal Characterisation of a TT Half-Module Prototype},
  author={Lehner, F and Siegler, M and Lois, C and Pangilinan, M},
  institution={CERN-LHCb-2005-007},
  year={2005}
}

@inproceedings{adeva2004silicon,
  title={The silicon tracker of the LHCb experiment},
  author={Adeva, B and Agari, M and Bauer, C and Baumeister, D and Bay, A and Bernhard, RP and Bernet, R and Blouw, J and Carron, B and Ermoline, Y and others},
  booktitle={Nuclear Science Symposium Conference Record},
  volume={2},
  pages={1179--1182},
  year={2004},
  organization={IEEE}
}

@article{kostner2006lhcb,
  title={LHCb silicon tracker performance studies},
  author={Kostner, S and Adeva, Bernardo and Agari, Michaela and Bauer, Christian and Baumeister, D and Bay, A and Bernhard, RP and Bernet, R and Blouw, J and Carron, B and others},
  journal={IEEE Transactions on Nuclear Science},
  volume={53},
  number={4},
  pages={2440--2445},
  year={2006},
  publisher={IEEE}
}

@book{gomez2004signal,
  title={Signal and Noise Performance of a Prototype Silicon Microstrip Detector for the LHCb Silicon Tracker.},
  author={Gomez, Cristina Lois and Universidade de Santiago de Compostela. Facultade de F{\'\i}sica and Universidade de Santiago de Compostela. Departamento de F{\'\i}sica de Part{\'\i}culas},
  year={2004}
}

@book{antunes2003lhcb,
  title={LHCb reoptimized detector design and performance: Technical Design Report},
  author={Antunes Nobrega, R and Franca Barbosa, A and Bediaga, I and Cernicchiaro, G and Correade Oliveira, E and Magnin, J and Marquesde Miranda, J and Massafferri, A and Polycarpo, E and Reis, A and others},
  year={2003},
 publisher={CERN-LHCb-TDR-009}
}

@book{nobrega2003lhcb,
  title={LHCb Trigger System: Technical Design Report},
  author={Nobrega, R Antunes and Barbosa, A Franca and Bediaga, I and Cernicchiaro, G and Oliveira, E Correade and Magnin, J and Miranda, J Marquesde and Massafferri, A and Polycarpo, E and Reis, A and others},
  year={2003},
  publisher={CERN-LHCb-TDR-010}
}

@book{cadeddu2005lhcb,
  title={LHCb computing},
  author={Cadeddu, S and Dalpiaz, P and Stoica, S and Guzik, Z and Filipchenko, Y and K{\"o}stner, S and Spiridenkov, E and Metlica, F and Barnyakov, M and Smith, A and others},
  year={2005},
  publisher={CERN-LHCb-TDR-011}
}

@phdthesis{lois2006study,
  title={Study of Silicon Microstrip Detector Properties for the LHCb Silicon Tracker},
  author={Lois-G{\'o}mez, C and (Dir: Adeva-Andany, B \& V{\'a}zquez-Regueiro, P)},
  year={2006},
  school={CERN-THESIS; University of Santiago de Compostela}
}

@article{barbosa2008lhcb,
  title={The LHCb Detector at the LHC},
  author={Barbosa, AF and Bediaga, I and Cernicchiaro, G and Guerrer, G and Machado, AA and Magnin, J and Marujo, F and Miranda, JM de and Reis, A and Santos, A and others},
  journal={Journal of Instrumentation},
  volume={3},
  number={08},
  pages={S08005},
  year={2008},
  publisher={IOP Publishing}
}

@article{needham2006status,
  title={Status and expected performance of the LHCb tracking system},
  author={Needham, Matthew and LHCb Collaboration and others},
  journal={Nuclear Physics B-Proceedings Supplements},
  volume={156},
  number={1},
  pages={217--220},
  year={2006},
  publisher={North-Holland}
}

@article{agari2006lhcb,
  title={The lhcb silicon tracker project},
  author={Agari, M and Bauer, C and Baumeister, D and Blouw, J and Hofmann, W and Knopfle, KT and Lochner, S and Schmelling, M and Pugatch, V and Bay, A and others},
  journal={Nuclear Physics B-Proceedings Supplements},
  volume={150},
  pages={114--117},
  year={2006},
  publisher={Elsevier}
}

@article{steinkamp2005silicon,
  title={Silicon strip detectors for the LHCb experiment},
  author={Steinkamp, Olaf},
  journal={Nuclear Instruments and Methods in Physics Research Section A: Accelerators, Spectrometers, Detectors and Associated Equipment},
  volume={541},
  number={1},
  pages={83--88},
  year={2005},
  publisher={Elsevier}
}

@article{steinkamp2006performance,
  title={Performance of long ladders for the LHCb silicon tracker},
  author={Steinkamp, Olaf},
  journal={Nuclear Instruments and Methods in Physics Research Section A: Accelerators, Spectrometers, Detectors and Associated Equipment},
  volume={569},
  number={1},
  pages={84--87},
  year={2006},
  publisher={Elsevier}
}

@article{maurizio2008assessment,
  title={Assessment of the clinical potential of a time-of-flight PET/CT scanner with less than 600 ps timing resolution},
  author={Maurizio Conti and David Townsend and Michael Casey and Cristina Lois and Bjoern Jakoby and Misty Long and Curtis Howe and Charles Watson and Bernard Bendriem},
  journal={Journal of Nuclear Medicine},
  volume={49},
  number={Supplement 1},
  pages={411P},
  year={2008}
}



@article{vervink2006design,
  title={Design and performance of the LHCb Silicon Tracker},
  author={Vervink, K},
  journal={Nuclear Instruments and Methods in Physics Research Section A: Accelerators, Spectrometers, Detectors and Associated Equipment},
  volume={566},
  number={1},
  pages={170--173},
  year={2006},
  publisher={Elsevier}
}

@article{voss2005lhcb,
  title={The LHCb silicon tracker},
  author={Voss, Helge},
  journal={Nuclear Instruments and Methods in Physics Research Section A: Accelerators, Spectrometers, Detectors and Associated Equipment},
  volume={549},
  number={1-3},
  pages={44--48},
  year={2005},
  publisher={Elsevier}
}

@article{bernhard2008lhcb,
  title={The LHCb silicon tracker},
  author={Bernhard, Ralf and others},
  journal={Nuclear Instruments and Methods in Physics Research Section A: Accelerators, Spectrometers, Detectors and Associated Equipment},
  volume={596},
  number={1},
  pages={17--20},
  year={2008},
  publisher={Elsevier}
}

@article{aguiar2012feasibility,
  title={A feasibility study on the use of arrays of discrete SiPMs for MR compatible LYSO readout using Monte Carlo simulation},
  author={Aguiar, P and Iglesias, A and Couce, B and Lois, C},
  journal={Journal of Instrumentation},
  volume={7},
  number={06},
  pages={P06002},
  year={2012},
  publisher={IOP Publishing}
}

@article{lois2012effect,
  title={Effect of MR contrast agents on quantitative accuracy of PET in combined whole-body PET/MR imaging},
  author={Lois, Cristina and Bezrukov, Ilja and Schmidt, Holger and Schwenzer, Nina and Werner, Matthias K and Kupferschl{\"a}ger, J{\"u}rgen and Beyer, Thomas},
  journal={European Journal of Nuclear Medicine and Molecular Imaging},
  volume={39},
  number={11},
  pages={1756--1766},
  year={2012},
  publisher={Springer-Verlag}
}

@article{aguiar2012analytical,
  title={Analytical study of the effect of the system geometry on photon sensitivity and depth of interaction of positron emission mammography},
  author={Aguiar, Pablo and Lois, Cristina},
  journal={Journal of oncology},
  volume={2012},
  year={2012},
  publisher={Hindawi Publishing Corporation}
}

@article{werner184auswirkungen,
  title={Auswirkungen von Zahnimplantaten auf die Bildqualit{\"a}t in PET/CT und PET/MR},
  author={Werner, MK and Wiegand, J and Kupferschl{\"a}ger, J and Lois, C and Bezrukov, I and Schmidt, H and Beyer, T and Pfannenberg, C and Schwenzer, N},
  journal={R{\"o}Fo-Fortschritte auf dem Gebiet der R{\"o}ntgenstrahlen und der bildgebenden Verfahren},
  volume={184},
  number={S 01},
  pages={VO209\_4}
}



@inproceedings{lois2011effect,
  title={Effect of MR contrast agents on quantitative accuracy of PET in combined whole-body PET/MR imaging},
  author={Lois, C and Kupferschl{\"a}ger, J and Bezrukov, I and Schmidt, H and Werner, M and Mannheim, JG and Pichler, BJ and Schwenzer, N and Beyer, T},
  booktitle={Annual Congress of the European Association of Nuclear Medicine (EANM)},
  year={2011}
}


@inproceedings{conti2008clinical,
  title={Clinical evaluation of time-of-flight imaging},
  author={Conti, M and Lois, C and Hubner, K and Long, MJ and Jakoby, B and Howe, WC and Casey, ME and Panin, V and Watson, CC and Bendriem, B and others},
  booktitle={European Journal of Nuclear Medicine and Moleclar Imaging},
  volume={35},
  pages={S166--S166},
  year={2008},
  organization={Springer 233 Spring St, New York, NY 10013 USA}
}

@article{aguilar2011new,
  title={New developments in molecular imaging: positron emission tomography time-of-flight (TOF-PET)},
  author={Aguilar, P and Couce, B and Iglesias, A and Lois, C},
    journal={Nuclear Espana},
  year={2011}
}

@article{evbuomwan2014synthesis,
  title={Synthesis and evaluation of a radiolabeled stapled peptide for monitoring the apoptotic state of tumors},
  author={Evbuomwan, Osasere and Schroeder, Frederick and Lois, Cristina and Gee, Michael and Hooker, Jacob},
  journal={Journal of Nuclear Medicine},
  volume={55},
  number={supplement 1},
  pages={1043--1043},
  year={2014},
  publisher={Society of Nuclear Medicine}
}

@article{aguiar2014portable,
  title={A portable device for small animal SPECT imaging in clinical gamma-cameras},
  author={Aguiar, P and Silva-Rodriguez, J and Gonz{\'a}lez-Casta{\~n}o, DM and Pino, F and Sanchez, M and Herranz, M and Iglesias, A and Lois, C and Ruibal, A},
  journal={Journal of Instrumentation},
  volume={9},
  number={07},
  pages={P07004},
  year={2014},
  publisher={IOP Publishing}
}

@inproceedings{lois2011combined,
  title={Combined whole-body PET/MR imaging: MR contrast agents do not affect the quantitative accuracy of PET following attenuation correction},
  author={Lois, C and Kupferschl{\"a}ger, J and Bezrukov, I and Schmidt, H and Werner, M and Mannheim, JG and Pichler, BJ and Schwenzer, N and Beyer, T},
  booktitle={97th Scientific Assemble and Annual Meeting of the Radiological Society of North America (RSNA 2011)},
  year={2011}
}

@inproceedings{lois2011noise,
  title={Noise Propagation in PET/CT through CT-based Attenuation Correction: Effects of Low-Dose CT Imaging},
  author={Lois, C and Werner, M and Kupferschl{\"a}ger, J and Fredikson, C and Pfannenberger, C and Beyer, T},
  booktitle={97th Scientific Assemble and Annual Meeting of the Radiological Society of North America (RSNA 2011)},
  year={2011}
}

@inproceedings{steinkamp2008production,
  title={Production and Quality Assurance of Detector Modules for the LHCb Silicon Tracker},
  author={Steinkamp, O and Volyanskyy, D and Agari, Michaela and Bauer, Christian and Blouw, Johan and Hofmann, Werner and L{\"o}chner, Sven and Maciuc, Florin and Schmelling, Michael and Smale, Nigel and others},
  booktitle={10th ICATPP Conference on Astroparticle, Particle, Space Physics, Detectors and Medical Physics Applications},
  year={2008}
}

@inproceedings{schmidt2011first,
  title={First Results on Patients and Phantoms of a Fully Integrated Clinical Whole-Body PET/MRI},
  author={Schmidt, H and Schwenzer, N and Bezrukov, I and Kolb, A and Mantlik, F and Kupferschl{\"a}ger, J and Lois, C and Sauter, A and Brendle, C and Pfannenberg, C and others},
  booktitle={2011 IEEE Nuclear Science Symposium, Medical Imaging Conference},
  year={2011}
}

@article{popota2015monte,
  title={Monte Carlo simulations versus experimental measurements in a small animal PET system. A comparison in the NEMA NU 4-2008 framework},
  author={Popota, FD and Aguiar, P and Espa{\~n}a, S and Lois, C and Udias, JM and Ros, D and Pavia, J and Gispert, JD},
  journal={Physics in Medicine and Biology},
  volume={60},
  number={1},
  pages={151},
  year={2015},
  publisher={IOP Publishing}
}

